<?xml version="1.0" encoding="UTF-8"?><collection xmlns="http://www.loc.gov/MARC21/slim"><record><leader>00360nam--2200121-i-4500</leader><controlfield tag="001">000012277</controlfield><controlfield tag="002">20161230</controlfield><controlfield tag="005">20161230201029</controlfield><controlfield tag="008">060222s1000------------r-----000-0-eng-d</controlfield><datafield ind1=" " ind2=" " tag="080"><subfield code="a">061.62(44):621.039.54(44)</subfield></datafield><datafield ind1=" " ind2=" " tag="245"><subfield code="a">Le centre de la hague. retraitement des combus tibles irradies</subfield></datafield><datafield ind1=" " ind2=" " tag="260"><subfield code="a">Paris, Commissariat A L Energie Atomique, 1970 62 P</subfield></datafield><datafield ind1=" " ind2=" " tag="852"><subfield code="a">45267</subfield></datafield></record></collection>